@string{PRL =   "Phys. Rev. Lett."}
@string{PoP =   "Phys. Plasmas"}
@string{PoF =   "Phys. Fluids"}
@string{PFB =   "Phys. Fluids B"}
@string{NF =   "Nucl. Fusion"}
@string{PPCF =   "Plasma Phys. Controlled Fusion"}
@string{RMP =   "Rev. Mod. Phys."}
@string{CPP =   "Contrib. Plasma Phys."}
@string{JCP =   "J. Comp. Phys."}
@string{CPC =   "Comp. Phys. Comm."}
@string{RPP =   "Rep. Prog. Phys."}

@Article{boozer2015,
 author="A Boozer",
 journal =      NF,
 year =         2015,
 volume =       55,
 pages =        025001
}

@Article{nescoil,
 author="P Merkel",
 title = "Solution of stellarator boundary value problems with external currents",
 journal =      NF,
 year =         1987,
 volume =       27,
 pages =        867
}



@Article{regcoilPaper,
 author="M Landreman",
 title = "An improved current potential method for fast computation of stellarator coil shapes",
 journal = NF,
 volume = 57,
 pages = 046003,
 year =         2017
}

@Article{Tonatiuh,
 author="T S{\'a}nchez-Vizuet and M E Solano",
 title = "A Hybridizable Discontinuous {G}alerkin solver for the {Grad$-$Shafranov} equation",
 journal = CPC,
 volume = 235,
 pages = 120,
 year =         2019
}
